%YAML 1.1
%TAG !u! tag:unity3d.com,2011:
--- !u!1001 &100100000
Prefab:
  m_ObjectHideFlags: 1
  serializedVersion: 2
  m_Modification:
    m_TransformParent: {fileID: 0}
    m_Modifications: []
    m_RemovedComponents: []
  m_ParentPrefab: {fileID: 0}
  m_RootGameObject: {fileID: 1391531292884400}
  m_IsPrefabParent: 1
--- !u!1 &1391531292884400
GameObject:
  m_ObjectHideFlags: 0
  m_PrefabParentObject: {fileID: 0}
  m_PrefabInternal: {fileID: 100100000}
  serializedVersion: 5
  m_Component:
  - component: {fileID: 4384184410677098}
  - component: {fileID: 114718013018294656}
  - component: {fileID: 65848970718259918}
  m_Layer: 8
  m_Name: Mirror
  m_TagString: Untagged
  m_Icon: {fileID: 0}
  m_NavMeshLayer: 0
  m_StaticEditorFlags: 0
  m_IsActive: 1
--- !u!1 &1766262205103072
GameObject:
  m_ObjectHideFlags: 0
  m_PrefabParentObject: {fileID: 0}
  m_PrefabInternal: {fileID: 100100000}
  serializedVersion: 5
  m_Component:
  - component: {fileID: 4947683724377590}
  - component: {fileID: 33562405742480654}
  - component: {fileID: 23291469348548404}
  m_Layer: 0
  m_Name: M_MirrorPanel (1)
  m_TagString: Untagged
  m_Icon: {fileID: 0}
  m_NavMeshLayer: 0
  m_StaticEditorFlags: 0
  m_IsActive: 1
--- !u!4 &4384184410677098
Transform:
  m_ObjectHideFlags: 1
  m_PrefabParentObject: {fileID: 0}
  m_PrefabInternal: {fileID: 100100000}
  m_GameObject: {fileID: 1391531292884400}
  m_LocalRotation: {x: 0, y: -0.38268343, z: 0, w: 0.92387956}
  m_LocalPosition: {x: 3.5, y: 1.5484313, z: 0}
  m_LocalScale: {x: 0.9883369, y: 0.98833716, z: 0.98833716}
  m_Children:
  - {fileID: 4947683724377590}
  m_Father: {fileID: 0}
  m_RootOrder: 0
  m_LocalEulerAnglesHint: {x: 0, y: -45, z: 0}
--- !u!4 &4947683724377590
Transform:
  m_ObjectHideFlags: 1
  m_PrefabParentObject: {fileID: 0}
  m_PrefabInternal: {fileID: 100100000}
  m_GameObject: {fileID: 1766262205103072}
  m_LocalRotation: {x: 0.000000051345964, y: -0.7014491, z: -0.00000059871485, w: 0.71271956}
  m_LocalPosition: {x: -0.062, y: -0.414, z: 0.314}
  m_LocalScale: {x: 0.012694325, y: 0.017374516, z: 0.01439837}
  m_Children: []
  m_Father: {fileID: 4384184410677098}
  m_RootOrder: 0
  m_LocalEulerAnglesHint: {x: 0, y: -89.087006, z: 0}
--- !u!23 &23291469348548404
MeshRenderer:
  m_ObjectHideFlags: 1
  m_PrefabParentObject: {fileID: 0}
  m_PrefabInternal: {fileID: 100100000}
  m_GameObject: {fileID: 1766262205103072}
  m_Enabled: 1
  m_CastShadows: 1
  m_ReceiveShadows: 1
  m_MotionVectors: 1
  m_LightProbeUsage: 1
  m_ReflectionProbeUsage: 1
  m_Materials:
  - {fileID: 2100000, guid: d9c572165b90dc749af56bdacee94b02, type: 2}
  m_StaticBatchInfo:
    firstSubMesh: 0
    subMeshCount: 0
  m_StaticBatchRoot: {fileID: 0}
  m_ProbeAnchor: {fileID: 0}
  m_LightProbeVolumeOverride: {fileID: 0}
  m_ScaleInLightmap: 1
  m_PreserveUVs: 0
  m_IgnoreNormalsForChartDetection: 0
  m_ImportantGI: 0
  m_SelectedEditorRenderState: 3
  m_MinimumChartSize: 4
  m_AutoUVMaxDistance: 0.5
  m_AutoUVMaxAngle: 89
  m_LightmapParameters: {fileID: 0}
  m_SortingLayerID: 0
  m_SortingOrder: 0
--- !u!33 &33562405742480654
MeshFilter:
  m_ObjectHideFlags: 1
  m_PrefabParentObject: {fileID: 0}
  m_PrefabInternal: {fileID: 100100000}
  m_GameObject: {fileID: 1766262205103072}
  m_Mesh: {fileID: 4300000, guid: 3f7f5e81cdb95804a96c208f9847e531, type: 3}
--- !u!65 &65848970718259918
BoxCollider:
  m_ObjectHideFlags: 1
  m_PrefabParentObject: {fileID: 0}
  m_PrefabInternal: {fileID: 100100000}
  m_GameObject: {fileID: 1391531292884400}
  m_Material: {fileID: 0}
  m_IsTrigger: 0
  m_Enabled: 1
  serializedVersion: 2
  m_Size: {x: 0.07047025, y: 0.8751913, z: 0.6296661}
  m_Center: {x: -0.10594799, y: 0.0727125, z: -0.009209652}
--- !u!114 &114718013018294656
MonoBehaviour:
  m_ObjectHideFlags: 1
  m_PrefabParentObject: {fileID: 0}
  m_PrefabInternal: {fileID: 100100000}
  m_GameObject: {fileID: 1391531292884400}
  m_Enabled: 1
  m_EditorHideFlags: 0
  m_Script: {fileID: 11500000, guid: 3a89e975d2eb2264b9b6e40fe04cd911, type: 3}
  m_Name: 
  m_EditorClassIdentifier: 
  EnhanceAmount: 0
  TurnTime: 0.25
  LowestStep: 0
  HighestStep: 1
  StepAngle: 90
  Direction: 1
